<record><leader>00000cas a2200000Ma 4500</leader><controlfield tag="001">10957705</controlfield><controlfield tag="008">840717c18669999aluwr ne      0    0eng d</controlfield><controlfield tag="009">330</controlfield><datafield ind1=" " ind2=" " tag="010"><subfield code="a">sn 84023494 </subfield></datafield><datafield ind1=" " ind2=" " tag="040"><subfield code="a">AQM</subfield><subfield code="c">AQM</subfield></datafield><datafield ind1="1" ind2=" " tag="029"><subfield code="a">AU@</subfield><subfield code="b">000024693533</subfield></datafield><datafield ind1="0" ind2="4" tag="245"><subfield code="a">The Clarke county democrat.</subfield></datafield><datafield ind1="0" ind2="7" tag="246"><subfield code="a">Democrat</subfield></datafield><datafield ind1=" " ind2=" " tag="260"><subfield code="a">Grove Hill, Ala. :</subfield><subfield code="b">Isaac Grant,</subfield><subfield code="c">1866-</subfield></datafield><datafield ind1=" " ind2=" " tag="300"><subfield code="a">v. ;</subfield><subfield code="c">56-57 cm.</subfield></datafield><datafield ind1=" " ind2=" " tag="310"><subfield code="a">Weekly</subfield></datafield><datafield ind1="0" ind2=" " tag="362"><subfield code="a">Vol. 11, no. 31 (Nov. 22, 1866)-</subfield></datafield><datafield ind1=" " ind2=" " tag="500"><subfield code="a">Editor: I. Grant, &lt;1874-1876&gt;.</subfield></datafield><datafield ind1=" " ind2=" " tag="500"><subfield code="a">"Democratic."</subfield></datafield><datafield ind1=" " ind2="7" tag="655"><subfield code="a">Newspapers.</subfield><subfield code="2">rbgenr</subfield></datafield><datafield ind1="1" ind2=" " tag="700"><subfield code="a">Grant, Isaac,</subfield><subfield code="d">1828-1907.</subfield></datafield><datafield ind1=" " ind2=" " tag="752"><subfield code="a">United States</subfield><subfield code="b">Alabama</subfield><subfield code="c">Clarke</subfield><subfield code="d">Grove Hill.</subfield></datafield><datafield ind1="0" ind2="0" tag="780"><subfield code="t">Clarke county journal</subfield><subfield code="w">(DLC)sn 84023495</subfield></datafield></record>